{"index": {"_index": "estc-financial-data", "_id": "fy2018"}}
{"document_type": "annual_financials", "fiscal_year": 2018, "period_end": "2018-04-30", "revenue": 159900000, "revenue_growth_yoy": 81, "subscription_revenue": 144000000, "subscription_percentage": 90, "gaap_operating_margin": -28, "non_gaap_operating_margin": -21, "free_cash_flow_margin": 8, "implied_arr": 164000000, "arr_growth_yoy": 76, "net_expansion_rate": 130, "customers": 5500, "status": "pre_ipo", "notes": "Strong growth leading to IPO"}
{"index": {"_index": "estc-financial-data", "_id": "fy2019"}}
{"document_type": "annual_financials", "fiscal_year": 2019, "period_end": "2019-04-30", "revenue": 266800000, "revenue_growth_yoy": 67, "subscription_revenue": 243000000, "subscription_percentage": 91, "gaap_operating_margin": -36, "non_gaap_operating_margin": -18, "free_cash_flow_margin": 12, "implied_arr": 289000000, "arr_growth_yoy": 76, "net_expansion_rate": 125, "customers": 7700, "status": "public", "notes": "First full year as public company"}
{"index": {"_index": "estc-financial-data", "_id": "fy2020"}}
{"document_type": "annual_financials", "fiscal_year": 2020, "period_end": "2020-04-30", "revenue": 374000000, "revenue_growth_yoy": 40, "subscription_revenue": 343000000, "subscription_percentage": 92, "gaap_operating_margin": -28, "non_gaap_operating_margin": -12, "free_cash_flow_margin": 15, "implied_arr": 420000000, "arr_growth_yoy": 45, "net_expansion_rate": 120, "customers": 9000, "status": "public", "notes": "COVID impact but strong cloud growth"}
{"index": {"_index": "estc-financial-data", "_id": "fy2021"}}
{"document_type": "annual_financials", "fiscal_year": 2021, "period_end": "2021-04-30", "revenue": 608000000, "revenue_growth_yoy": 43, "subscription_revenue": 564000000, "subscription_percentage": 93, "gaap_operating_margin": -22, "non_gaap_operating_margin": -5, "free_cash_flow_margin": 18, "implied_arr": 681000000, "arr_growth_yoy": 42, "net_expansion_rate": 118, "customers": 13000, "status": "public", "notes": "Strong pandemic recovery, cloud acceleration"}
{"index": {"_index": "estc-financial-data", "_id": "fy2022"}}
{"document_type": "annual_financials", "fiscal_year": 2022, "period_end": "2022-04-30", "revenue": 862000000, "revenue_growth_yoy": 42, "subscription_revenue": 810000000, "subscription_percentage": 94, "gaap_operating_margin": -18, "non_gaap_operating_margin": 2, "free_cash_flow_margin": 20, "implied_arr": 964000000, "arr_growth_yoy": 41, "net_expansion_rate": 115, "customers": 16500, "status": "public", "notes": "First positive non-GAAP operating margin"}
{"index": {"_index": "estc-financial-data", "_id": "fy2023"}}
{"document_type": "annual_financials", "fiscal_year": 2023, "period_end": "2023-04-30", "revenue": 1069000000, "revenue_growth_yoy": 24, "subscription_revenue": 1021000000, "subscription_percentage": 95, "gaap_operating_margin": -15, "non_gaap_operating_margin": 8, "free_cash_flow_margin": 22, "implied_arr": 1156000000, "arr_growth_yoy": 26, "net_expansion_rate": 112, "customers": 18400, "status": "public", "notes": "Growth normalization, focus on profitability"}
{"index": {"_index": "estc-financial-data", "_id": "fy2024"}}
{"document_type": "annual_financials", "fiscal_year": 2024, "period_end": "2024-04-30", "revenue": 1267000000, "revenue_growth_yoy": 19, "subscription_revenue": 1223000000, "subscription_percentage": 96, "gaap_operating_margin": -13, "non_gaap_operating_margin": 9, "free_cash_flow_margin": 19, "implied_arr": 1356000000, "arr_growth_yoy": 20, "net_expansion_rate": 110, "customers": 20900, "status": "public", "notes": "Steady growth, AI/GenAI momentum building"}
{"index": {"_index": "estc-financial-data", "_id": "fy2025"}}
{"document_type": "annual_financials", "fiscal_year": 2025, "period_end": "2025-04-30", "revenue": 1483000000, "revenue_growth_yoy": 17, "subscription_revenue": 1438000000, "subscription_percentage": 97, "gaap_operating_margin": -9, "non_gaap_operating_margin": 12, "free_cash_flow_margin": 21, "implied_arr": 1556000000, "arr_growth_yoy": 16, "net_expansion_rate": 108, "customers": 23500, "status": "public", "notes": "AI-driven growth, improved margins"}
{"index": {"_index": "estc-quarterly-data", "_id": "q1fy2025"}}
{"document_type": "quarterly_earnings", "fiscal_quarter": "Q1", "fiscal_year": 2025, "period_end": "2024-07-31", "revenue": 347000000, "revenue_growth_yoy": 18, "cloud_revenue": 157000000, "cloud_growth_yoy": 30, "subscription_revenue": 339000000, "gaap_operating_margin": -10, "non_gaap_operating_margin": 11, "eps_gaap": -0.48, "eps_non_gaap": 0.35, "free_cash_flow": 64000000, "customers": 21200, "customers_100k_plus": 1460}
{"index": {"_index": "estc-stock-data", "_id": "2025"}}
{"document_type": "stock_performance", "year": 2025, "year_open": 110.50, "current_price": 85.71, "year_high": 123.96, "year_low": 69.00, "ytd_return": -22.5, "volume_avg_daily": 1950000, "market_cap_current": 8530000000}
{"index": {"_index": "estc-competitive-data", "_id": "datadog_comparison"}}
{"document_type": "competitive_analysis", "competitor": "Datadog", "ticker": "DDOG", "category": "observability", "elastic_revenue_2025": 1483000000, "competitor_revenue_2025": 2500000000, "elastic_growth_2025": 17, "competitor_growth_2025": 21, "elastic_margin_advantage": "Better unit economics", "elastic_differentiation": "Unified search, security, and observability platform", "market_position": "Strong #2 in observability, #1 in enterprise search"}
{"index": {"_index": "estc-product-milestones", "_id": "elastic_search_ai_platform"}}
{"document_type": "product_milestone", "date": "2024-01-15", "milestone": "Elastic Search AI Platform Launch", "description": "Integrated AI capabilities into core platform", "impact": "Positioned for GenAI market opportunity", "revenue_impact": "Drove 1,750+ GenAI customers by Q1 2025"}
{"index": {"_index": "estc-market-events", "_id": "gartner_mq_leader_2024"}}
{"document_type": "market_recognition", "date": "2024-09-01", "event": "Gartner Magic Quadrant Leader - Observability", "significance": "Validates competitive position vs DDOG, NEWR, DT", "impact": "Strengthens enterprise sales positioning", "analyst_quote": "Strong execution and completeness of vision"}
{"index": {"_index": "estc-rsu-relevant", "_id": "vesting_schedule"}}
{"document_type": "rsu_information", "vesting_frequency": "quarterly", "vesting_periods": ["Q1", "Q2", "Q3", "Q4"], "blackout_periods": ["2 weeks before earnings", "M&A discussions"], "tax_implications": "Ordinary income at vest, capital gains on sale", "employee_considerations": "Diversification strategy recommended"}
{"index": {"_index": "estc-analyst-data", "_id": "consensus_2025"}}
{"document_type": "analyst_consensus", "period": "2025", "average_price_target": 115.74, "high_target": 140.00, "low_target": 95.00, "buy_ratings": 18, "hold_ratings": 7, "sell_ratings": 1, "consensus_rating": "BUY", "upgrade_downgrade_trend": "Positive momentum"}
{"index": {"_index": "estc-data-metadata", "_id": "creation_info"}}
{"document_type": "data_creation_metadata", "creation_date": "2025-01-17", "created_by": "Claude Sonnet 4", "model_family": "Claude 4", "anthropic_version": "Claude Sonnet 4 (claude-sonnet-4-20250514)", "data_compilation_method": "Web research and financial data synthesis", "last_updated": "2025-01-17", "data_currency": "Current as of January 2025", "compilation_notes": "Comprehensive ESTC dataset compiled from multiple authoritative sources including SEC filings, earnings reports, and market analysis", "intended_use": "RSU holder decision support via MCP-enabled chatbot", "data_quality": "Institutional-grade analysis combining official company data with market intelligence"}
